@book{ksiazka,
  title={Komputerowa analiza i przetwarzanie obrazów},
  author={Ryszard Tadeusiewicz, Przemysław Korohoda},
  year={1997},
  publisher={Kraków}
}
@misc{jakas,
  author="Marcin Kiełczewski",
  note="Dostęp 2013-05-12",
  howpublished="\url{http://etacar.put.poznan.pl/marcin.kielczewski/POiSW3.pdf}"
}
@misc{szczepan,
  author="Adam Szczepański",
  note="Dostęp 2013-05-12",
  howpublished="\url{http://adamszczepanski.pl/pl/index.php?p=aipo}"
}
@misc{radzik,
  author="Maciej Radzieński",
  note="Dostęp 2013-05-12",
  howpublished="\url{http://atol.am.gdynia.pl/tc/Radzienski/}"
}
